<record><leader>00000cas a22000007a 4500</leader><controlfield tag="001">12073307</controlfield><controlfield tag="008">850523d19481979mtuwr ne      0    0eng d</controlfield><datafield ind1=" " ind2=" " tag="010"><subfield code="a">sn 85053127 </subfield></datafield><datafield ind1=" " ind2=" " tag="040"><subfield code="a">MTL</subfield><subfield code="b">eng</subfield><subfield code="c">MTL</subfield><subfield code="d">OCLCQ</subfield></datafield><datafield ind1=" " ind2=" " tag="042"><subfield code="a">msc</subfield></datafield><datafield ind1="0" ind2="0" tag="245"><subfield code="a">Froid weekly.</subfield></datafield><datafield ind1=" " ind2=" " tag="260"><subfield code="a">Froid, Mont. :</subfield><subfield code="b">T. &amp; J.P. Hurly,</subfield><subfield code="c">-1979.</subfield></datafield><datafield ind1=" " ind2=" " tag="300"><subfield code="a">v. :</subfield><subfield code="b">ill.</subfield></datafield><datafield ind1=" " ind2=" " tag="310"><subfield code="a">Weekly</subfield></datafield><datafield ind1="0" ind2=" " tag="362"><subfield code="a">-v. 2, no. 23 (Nov. 30, 1979).</subfield></datafield><datafield ind1="1" ind2=" " tag="362"><subfield code="a">Began in 1948.</subfield><subfield code="z">Cf. Roosevelt County's treasured years.</subfield></datafield><datafield ind1=" " ind2=" " tag="588"><subfield code="a">Description based on: [New ser.] v. 1, no. 1 (Apr. 6, 1978).</subfield></datafield><datafield ind1=" " ind2=" " tag="752"><subfield code="a">United States</subfield><subfield code="b">Montana</subfield><subfield code="c">Roosevelt</subfield><subfield code="d">Froid.</subfield></datafield><datafield ind1="0" ind2="0" tag="785"><subfield code="t">Big Muddy journal</subfield><subfield code="w">(DLC)sn 85053128</subfield></datafield></record>